<?xml version="1.0" encoding="UTF-8"?><collection xmlns="http://www.loc.gov/MARC21/slim"><record><leader>00647nam--2200193-i-4500</leader><controlfield tag="001">000037412</controlfield><controlfield tag="002">20161230</controlfield><controlfield tag="005">20161230201041</controlfield><controlfield tag="008">060222s1000------------r-----000-0-eng-d</controlfield><datafield ind1=" " ind2=" " tag="040"><subfield code="a">IFIN-HH</subfield></datafield><datafield ind1=" " ind2=" " tag="080"><subfield code="a">536.24</subfield></datafield><datafield ind1="1" ind2=" " tag="100"><subfield code="a">Martynenko, Oleg G</subfield></datafield><datafield ind1="1" ind2="0" tag="245"><subfield code="a">Progress in heat and mass transfer</subfield><subfield code="b">Vol. 4 luikov presentation volume</subfield><subfield code="c">Oleg g. martynenko; james p. hartnett; thomas f. irvine, jr. (eds.)</subfield></datafield><datafield ind1=" " ind2=" " tag="260"><subfield code="a">Oxford</subfield><subfield code="b">Pergamon Press</subfield><subfield code="c">1971</subfield></datafield><datafield ind1=" " ind2=" " tag="300"><subfield code="a">414P</subfield></datafield><datafield ind1=" " ind2=" " tag="490"><subfield code="a">Monograph Series Of The International Journal Of Heat And Mass Transfer</subfield></datafield><datafield ind1="1" ind2=" " tag="700"><subfield code="a">Irvine, Thomas F., Jr</subfield><subfield code="e">Ed</subfield></datafield><datafield ind1=" " ind2=" " tag="852"><subfield code="a">31314</subfield><subfield code="c">536</subfield></datafield><datafield ind1=" " ind2=" " tag="CAT"><subfield code="a">Sys</subfield><subfield code="c">20110506</subfield><subfield code="h">133452</subfield></datafield></record></collection>